@ARTICLE{Figueredo:2009dg,
   author = {Figueredo, A.~J. and Wolf, P. S.~A.},
   title = {Assortative pairing and life history strategy - a cross-cultural study.},
   journal = {Human Nature},
   volume = {20},
   pages = {317-330},
   year = {2009}
}

@article{article:0,
author = {Li, Shicheng and Xuan, Yunpeng and Gao, Bing and Sun, Xiao and Miao, Shuncheng and Lu, Tong and Wang, Yuanyong and Jiao, Wenjie},
year = {2018},
month = {09},
pages = {3383-3392},
title = {Identification of an eight-gene prognostisignature for lung adenocarcinoma},
volume = {Volume 10},
journal = {Cancer Management and Research},
doi = {10.2147/CMAR.S173941}
}

@article{article:1,
author = {Siegel, Rebecca and Miller, Kimberly and Jemal, Ahmedin},
year = {2020},
month = {01},
pages = {},
title = {Cancer statistics, 2020},
volume = {70},
journal = {CA: A Cancer Journal for Clinicians},
doi = {10.3322/caac.21590}
}

@article{article:2,
author = {Ettinger, David and Wood, Douglas and Akerley, Wallace and Bazhenova, Lyudmila and Borghaei, Hossein and Camidge, David and Cheney, Richard and Chirieac, Lucian and D’Amico, Thomas and Demmy, Todd and Dilling, Thomas and Govindan, Ramaswamy and Grannis, Frederic and Horn, Leora and Jahan, Thierry and Komaki, Ritsuko and Kris, Mark and Krug, Lee and Lackner, Rudy and Hughes, Miranda},
year = {2014},
month = {12},
pages = {1738-1761},
title = {Non–Small Cell Lung Cancer, Version 1.2015},
volume = {12},
journal = {Journal of the National Comprehensive Cancer Network},
doi = {10.6004/jnccn.2014.0176}
}

@article{article:3,
author = {Koo, Hyeon-Kyoung and Jin, Sang-Man and Lee, Chang-Hoon and Lim, Hyo-Jeong and Yim, Jae-Joon and Kim, Young and Yang, Seok-Chul and Yoo, Chul-Gyu and Han, Sung and Kim, Joo and Shim, Young-Soo and Kim, Young},
year = {2010},
month = {12},
pages = {222-9},
title = {Factors associated with recurrence in patients with curatively resected stage I-II lung cancer},
volume = {73},
journal = {Lung cancer (Amsterdam, Netherlands)},
doi = {10.1016/j.lungcan.2010.11.013}
}


@article{article:4,
author = {Xue, Linlin and Xie, Li and Song, Xingguo and Song, Xianrang},
year = {2018},
month = {02},
pages = {},
title = {Identification of potential tumor‐educated platelets RNA biomarkers in non‐small‐cell lung cancer by integrated bioinformatical analysis},
volume = {32},
journal = {Journal of Clinical Laboratory Analysis},
doi = {10.1002/jcla.22450}
}


@article{article:5,
author = {Li, Shicheng and Sun, Xiao and Miao, Shuncheng and Liu, Jia and Jiao, Wenjie},
year = {2017},
month = {09},
pages = {},
title = {Differential protein‐coding gene and long noncoding RNA expression in smoking‐related lung squamous cell carcinoma},
volume = {8},
journal = {Thoracic Cancer},
doi = {10.1111/1759-7714.12510}
}

